<record><leader>00000cas a22000007a 4500</leader><controlfield tag="001">11307971</controlfield><controlfield tag="008">841025d18751878iauwr ne      0    0eng d</controlfield><datafield ind1=" " ind2=" " tag="010"><subfield code="a">sn 84038411 </subfield></datafield><datafield ind1=" " ind2=" " tag="040"><subfield code="a">NPX</subfield><subfield code="b">eng</subfield><subfield code="c">NPX</subfield><subfield code="d">INP</subfield><subfield code="d">OCLCQ</subfield></datafield><datafield ind1=" " ind2=" " tag="042"><subfield code="a">msc</subfield></datafield><datafield ind1="0" ind2="4" tag="245"><subfield code="a">The Weekly Ottumwa Democrat.</subfield></datafield><datafield ind1="3" ind2="0" tag="246"><subfield code="a">Ottumwa Democrat</subfield></datafield><datafield ind1=" " ind2=" " tag="260"><subfield code="a">Ottumwa, Iowa :</subfield><subfield code="b">Sam. B. Evans,</subfield><subfield code="c">1875-</subfield></datafield><datafield ind1=" " ind2=" " tag="300"><subfield code="a">v. :</subfield><subfield code="b">ill. ;</subfield><subfield code="c">53 cm.</subfield></datafield><datafield ind1=" " ind2=" " tag="310"><subfield code="a">Weekly</subfield></datafield><datafield ind1="0" ind2=" " tag="362"><subfield code="a">Vol. 8, no. 46 (Nov. 11, 1875)-</subfield></datafield><datafield ind1="1" ind2=" " tag="362"><subfield code="a">Ceased with Nov. 14, 1878 issue.</subfield><subfield code="z">Cf. Bibl. of Iowa newspapers.</subfield></datafield><datafield ind1=" " ind2=" " tag="500"><subfield code="a">Publisher varies.</subfield></datafield><datafield ind1=" " ind2=" " tag="515"><subfield code="a">Issues for Nov. 11, 1875-&lt;Dec. 21, 1876&gt; called also old ser. v. 25-&lt;27&gt;.</subfield></datafield><datafield ind1=" " ind2=" " tag="752"><subfield code="a">United States</subfield><subfield code="b">Iowa</subfield><subfield code="c">Wapello</subfield><subfield code="d">Ottumwa.</subfield></datafield><datafield ind1="0" ind2="0" tag="780"><subfield code="t">Ottumwa Democrat</subfield><subfield code="w">(DLC)sn 85049784</subfield></datafield><datafield ind1="0" ind2="7" tag="785"><subfield code="t">Ottumwa weekly times</subfield><subfield code="w">(DLC)sn 85049782</subfield></datafield><datafield ind1="0" ind2="7" tag="785"><subfield code="t">Democrat and times</subfield><subfield code="w">(DLC)sn 86061211</subfield></datafield></record>